<?xml version="1.0" encoding="UTF-8"?><collection xmlns="http://www.loc.gov/MARC21/slim"><record><leader>00470nam--2200181-i-4500</leader><controlfield tag="001">000034438</controlfield><controlfield tag="002">20161230</controlfield><controlfield tag="005">20161230201040</controlfield><controlfield tag="008">060222s1000------------r-----000-0-eng-d</controlfield><datafield ind1=" " ind2=" " tag="040"><subfield code="a">IFIN-HH</subfield></datafield><datafield ind1=" " ind2=" " tag="080"><subfield code="a">530.182</subfield></datafield><datafield ind1="1" ind2=" " tag="100"><subfield code="a">Sarkar, Sarben</subfield></datafield><datafield ind1="1" ind2="0" tag="245"><subfield code="a">Nonlinear phenomena and chaos</subfield><subfield code="c">Saeben sakar (ed.)</subfield></datafield><datafield ind1=" " ind2=" " tag="260"><subfield code="a">Bristol</subfield><subfield code="b">Adam Hilger Ltd</subfield><subfield code="c">1986</subfield></datafield><datafield ind1=" " ind2=" " tag="300"><subfield code="a">XI + 336P</subfield></datafield><datafield ind1=" " ind2=" " tag="490"><subfield code="a">Malvern Physics Series</subfield></datafield><datafield ind1=" " ind2=" " tag="852"><subfield code="a">74714</subfield><subfield code="c">53</subfield></datafield><datafield ind1=" " ind2=" " tag="CAT"><subfield code="a">Sys</subfield><subfield code="c">20150811</subfield><subfield code="h">125050</subfield></datafield></record></collection>